@book{feynman_quote,
    place={Reading, Mass. ; Wokingham},
    title={Six easy pieces : essentials of physics, explained by its most brilliant teacher},
    ISBN={9780201409550},
    publisher={Addison-Wesley},
    author={Richard Phillips Feynman and Leighton, Robert B and Sands, Matthew L},
    year={1994}
}
